<record><leader>00000cas a22000007a 4500</leader><controlfield tag="001">19822780</controlfield><controlfield tag="008">890606c19649999moudn ne      0    0eng d</controlfield><datafield ind1=" " ind2=" " tag="010"><subfield code="a">sn 89066343 </subfield></datafield><datafield ind1=" " ind2=" " tag="040"><subfield code="a">MQN</subfield><subfield code="b">eng</subfield><subfield code="c">MQN</subfield><subfield code="d">OCLCQ</subfield></datafield><datafield ind1=" " ind2=" " tag="042"><subfield code="a">msc</subfield></datafield><datafield ind1="0" ind2=" " tag="130"><subfield code="a">Trenton republican-times (Trenton, Mo. : 1964)</subfield></datafield><datafield ind1="1" ind2="0" tag="245"><subfield code="a">Trenton republican-times.</subfield></datafield><datafield ind1=" " ind2=" " tag="260"><subfield code="a">Trenton, Mo. :</subfield><subfield code="b">Rogers Print. Co.,</subfield><subfield code="c">1964-</subfield></datafield><datafield ind1=" " ind2=" " tag="300"><subfield code="a">v.</subfield></datafield><datafield ind1=" " ind2=" " tag="310"><subfield code="a">Daily (except Sat., Sun. &amp; holidays)</subfield></datafield><datafield ind1="0" ind2=" " tag="362"><subfield code="a">83rd year, no. 158 (Mar. 9, 1964)-</subfield></datafield><datafield ind1=" " ind2=" " tag="752"><subfield code="a">United States</subfield><subfield code="b">Missouri</subfield><subfield code="c">Grundy</subfield><subfield code="d">Trenton.</subfield></datafield><datafield ind1="0" ind2="0" tag="780"><subfield code="t">Republican-times and Grundy County gazette (Trenton, Mo. : Daily)</subfield><subfield code="w">(DLC)sn 89066342</subfield></datafield></record>